@misc{smartcontracts,
	author = {Ethereum foundation},
	title={Introduction to smart contracts},
	URL = "https://ethereum.org/en/developers/docs/smart-contracts/"
}
